@inproceedings{harrison1997floating,
  title={Floating point verification in HOL light: the exponential function},
  author={Harrison, John},
  booktitle={International Conference on Algebraic Methodology and Software Technology},
  pages={246--260},
  year={1997},
  organization={Springer}
}

@inproceedings{mine2012abstract,
  title={Abstract domains for bit-level machine integer and floating-point operations},
  author={Min{\'e}, Antoine},
  booktitle={WING'12-4th International Workshop on invariant Generation},
  pages={16},
  year={2012}
}
@article{lee2016verifying,
  title={Verifying bit-manipulations of floating-point},
  author={Lee, Wonyeol and Sharma, Rahul and Aiken, Alex},
  journal={ACM SIGPLAN Notices},
  volume={51},
  number={6},
  pages={70--84},
  year={2016},
  publisher={ACM}
}
@inproceedings{de2006assisted,
  title={Assisted verification of elementary functions using Gappa},
  author={De Dinechin, Florent and Lauter, Christoph Quirin and Melquiond, Guillaume},
  booktitle={Proceedings of the 2006 ACM symposium on Applied computing},
  pages={1318--1322},
  year={2006},
  organization={ACM}
}
@inproceedings{boldo2009combining,
  title={Combining Coq and Gappa for certifying floating-point programs},
  author={Boldo, Sylvie and Filli{\^a}tre, Jean-Christophe and Melquiond, Guillaume},
  booktitle={International Conference on Intelligent Computer Mathematics},
  pages={59--74},
  year={2009},
  organization={Springer}
}
@article{akbarpour2010metitarski,
  title={MetiTarski: An automatic theorem prover for real-valued special functions},
  author={Akbarpour, Behzad and Paulson, Lawrence Charles},
  journal={Journal of Automated Reasoning},
  volume={44},
  number={3},
  pages={175--205},
  year={2010},
  publisher={Springer}
}
@inproceedings{pratt1995anatomy,
  title={Anatomy of the Pentium bug},
  author={Pratt, Vaughan},
  booktitle={Colloquium on Trees in Algebra and Programming},
  pages={97--107},
  year={1995},
  organization={Springer}
}
@article{fousse2007mpfr,
  title={MPFR: A multiple-precision binary floating-point library with correct rounding},
  author={Fousse, Laurent and Hanrot, Guillaume and Lef{\`e}vre, Vincent and P{\'e}lissier, Patrick and Zimmermann, Paul},
  journal={ACM Transactions on Mathematical Software (TOMS)},
  volume={33},
  number={2},
  pages={13},
  year={2007},
  publisher={ACM}
}
@inproceedings{akbarpour2009applications,
  title={Applications of MetiTarski in the verification of control and hybrid systems},
  author={Akbarpour, Behzad and Paulson, Lawrence C},
  booktitle={International Workshop on Hybrid Systems: Computation and Control},
  pages={1--15},
  year={2009},
  organization={Springer}
}
@inproceedings{denman2009formal,
  title={Formal verification of analog designs using MetiTarski},
  author={Denman, William and Akbarpour, Behzad and Tahar, Sofiene and Zaki, Mohamed H and Paulson, Lawrence C},
  booktitle={Formal Methods in Computer-Aided Design, 2009. FMCAD 2009},
  pages={93--100},
  year={2009},
  organization={IEEE}
}
@article{pineiro2005high,
  title={High-speed function approximation using a minimax quadratic interpolator},
  author={Pineiro, J-A and Oberman, Stuart F and Muller, J-M and Bruguera, Javier D},
  journal={IEEE Transactions on Computers},
  volume={54},
  number={3},
  pages={304--318},
  year={2005},
  publisher={IEEE}
}
@article{strollo2011elementary,
  title={Elementary functions hardware implementation using constrained piecewise-polynomial approximations},
  author={Strollo, Antonio GM and De Caro, Davide and Petra, Nicola},
  journal={IEEE Transactions on Computers},
  volume={60},
  number={3},
  pages={418--432},
  year={2011},
  publisher={IEEE}
}
@inproceedings{tang1991table,
  title={Table-lookup algorithms for elementary functions and their error analysis},
  author={Tang, Ping Tak Peter},
  booktitle={Computer Arithmetic, 1991. Proceedings., 10th IEEE Symposium on},
  pages={232--236},
  year={1991},
  organization={IEEE}
}
@article{goldberg1991every,
  title={What every computer scientist should know about floating-point arithmetic},
  author={Goldberg, David},
  journal={ACM Computing Surveys (CSUR)},
  volume={23},
  number={1},
  pages={5--48},
  year={1991},
  publisher={ACM}
}